@InCollection{GNU:MP,
	title={{The GNU MP Bignum Library}},
	booktitle={https://gmplib.org/},
}

@InCollection{GNU:MPFR,
	title={{The GNU MPFR Library}},
	booktitle={https://www.mpfr.org/},
}

@InCollection{Bailey:97,
  author = 		{David H. Bailey, Peter B. Borwein and Simon Plouffe},
  title = 	 	{On the Rapid Computation of Various Polylogarithmic Constants},
  booktitle =	{Mathematics of Computation},
  pages = 	 	{903â€“-913},
  volume =		{66},
  number = 		{218},
  year = 		{1997},
}